<?xml version="1.0" encoding="UTF-8"?><collection><record><leader>04687ntm a2200541 a 4500</leader><controlfield tag="001">006818240</controlfield><controlfield tag="003">MiAaHDL</controlfield><controlfield tag="005">20190719000000.0</controlfield><controlfield tag="006">m        d        </controlfield><controlfield tag="007">cr bn ---auaua</controlfield><controlfield tag="008">090612m18561857tu            00| ||ota d</controlfield><datafield tag="035" ind1=" " ind2=" "><subfield code="a">(MiU)006818240</subfield></datafield><datafield tag="035" ind1=" " ind2=" "><subfield code="a">sdr-miu006818240</subfield></datafield><datafield tag="040" ind1=" " ind2=" "><subfield code="a">MiU</subfield><subfield code="c">MiU</subfield><subfield code="e">amremm</subfield></datafield><datafield tag="041" ind1="0" ind2=" "><subfield code="a">ota</subfield></datafield><datafield tag="043" ind1=" " ind2=" "><subfield code="a">n-us-mi</subfield><subfield code="a">a-tu---</subfield></datafield><datafield tag="245" ind1="0" ind2="0"><subfield code="6">880-03</subfield><subfield code="a">[Taqwīm,</subfield><subfield code="f">1235, i.e. 1856 and 1857].</subfield></datafield><datafield tag="246" ind1="3" ind2=" "><subfield code="a">Ruzname</subfield></datafield><datafield tag="246" ind1="3" ind2=" "><subfield code="a">Netîce</subfield></datafield><datafield tag="246" ind1="3" ind2=" "><subfield code="a">Takvîm</subfield></datafield><datafield tag="246" ind1="3" ind2=" "><subfield code="a">روزنامه</subfield></datafield><datafield tag="246" ind1="3" ind2=" "><subfield code="a">نتيجة</subfield></datafield><datafield tag="260" ind1=" " ind2=" "><subfield code="a">[Istanbul?,</subfield><subfield code="c">1856-1857].</subfield></datafield><datafield tag="300" ind1=" " ind2=" "><subfield code="a">14 leaves :</subfield><subfield code="b">paper ;</subfield><subfield code="c">224 x 153 (168 x 105) mm.</subfield></datafield><datafield tag="500" ind1=" " ind2=" "><subfield code="a">Shelfmark: Ann Arbor, University of Michigan, Special Collections Library, Isl. Ms. 834</subfield></datafield><datafield tag="500" ind1=" " ind2=" "><subfield code="a">Origin: Pertains to the Jalālī year 1235 [1856-1857] suggesting a date of transcription around this time ; watermarks consistent with such a dating. Illuminated heading on opening horiscope suggests transcription in Istanbul.</subfield></datafield><datafield tag="500" ind1=" " ind2=" "><subfield code="a">Binding: Limp cover in heavy coated and textured paper, surface-dyed a pale yellow and embossed with pattern of plumes, scrolls, and floral motifs ; sewn in spring green and dark blue thread, six stations, through paper cover ; overall in fair condition with staining and abrasion ; housed in envelope.</subfield></datafield><datafield tag="500" ind1=" " ind2=" "><subfield code="a">Support: European laid paper with 9 laid lines per cm. (vertical), chain lines spaced 28 mm. apart (horizontal), and watermarks of lion rampant guardant (see p.2, 8, 28, etc.) and initials "NR" in arms (see p.4, 6, 26, etc.) very similar to Eineder no.1018 dated 1806 but with "NR" rather than "AB" ; creamy buff in color (yellowish hue), crisp and well-burnished to glossy.</subfield></datafield><datafield tag="500" ind1=" " ind2=" "><subfield code="a">Decoration: Written area and tables throughout defined by gold bands and black lines ; heading of opening horiscope diagram chrysographed "لع يل ١٢٧٢ سال عالم بأفق دار السلطنه العلية العثمانيه" ; many headings and keywords / symbols rubricated.</subfield></datafield><datafield tag="500" ind1=" " ind2=" "><subfield code="a">Script: Mainly naskh and naskh with elements of ruqʻah ; clear Turkish hands ; elegant naskh employed for most headings, some entries and some annotations ; more compact naskh with elements of ruqʻah used for other annotations and some headings ; forms resembling siyakat letterforms used in table entries ; elucidation of symbols employed entered on opening page (p.1) above and alongside the horiscope diagram.</subfield></datafield><datafield tag="500" ind1=" " ind2=" "><subfield code="a">Layout: Written area divided to accommodate tables of 14 columns and 16 rows (with 15 of the rows carrying two lines each corresponding to the days of the month), headed by outlines of square charts divided to 12 (4 central squares and 8 triangles corresponding to the celestial houses) ; prickings for ruling the tables evident in the outer and lower margins.</subfield></datafield><datafield tag="500" ind1=" " ind2=" "><subfield code="a">Collation: VII (14) ; single septenion ; pagination in pencil, Western numerals, supplied during digitization.</subfield></datafield><datafield tag="500" ind1=" " ind2=" "><subfield code="a">Title supplied by cataloguer.</subfield></datafield><datafield tag="500" ind1=" " ind2=" "><subfield code="a">Ms. codex.</subfield></datafield><datafield tag="510" ind1="4" ind2=" "><subfield code="a">Eineder, Georg. The ancient paper-mills of the former Austro-Hungarian Empire and their watermarks. Hilversum, Holland: Paper Publications Society, 1960.</subfield></datafield><datafield tag="510" ind1="4" ind2=" "><subfield code="a">King, D. and T. Fahd. "al-Ṭāliʿ." In EI2.</subfield></datafield><datafield tag="510" ind1="4" ind2=" "><subfield code="a">Panaino, Antonio, Reza Abdollahy, and Daniel Balland, "Calendars," Encyclopædia Iranica,</subfield><subfield code="c">IV/6-7, pp.658-677</subfield></datafield><datafield tag="510" ind1="4" ind2=" "><subfield code="a">Hofelich, M. and D.M. Varisco. "Taḳwīm." In EI2.</subfield></datafield><datafield tag="520" ind1="8" ind2=" "><subfield code="a">Careful copy of an astronomical almanac (natījah / rūznāmah / ephemeris) for the Jalālī year 1235 (indicated as the 778th, see p.2) preceded by horiscope (ṭāliʻ) for the year (given in the corresponding Hijrī / Rūmī value, 1272, see p.1). Presumably observed at Istanbul. Corresponding Hijrī, Rūmī, old Yazdagardī and Coptic calendars dates are given. Contributions to the cataloguing from Elizabeth Kunze.</subfield></datafield><datafield tag="538" ind1=" " ind2=" "><subfield code="a">Mode of access: Internet.</subfield></datafield><datafield tag="541" ind1=" " ind2=" "><subfield code="a">Purchased in Cairo, 1933/34.</subfield></datafield><datafield tag="546" ind1=" " ind2=" "><subfield code="a">Ottoman Turkish.</subfield></datafield><datafield tag="561" ind1=" " ind2=" "><subfield code="a">Inscription in pencil on interior of upper cover "Probably a horoscope | Turkish with Arabic titles | Triangular signs, etc." ; inscribed by the Library on p.3 "Tracy McGregor Gift" ; annotations clarify observations and elucidate the meanings of symbols employed.</subfield></datafield><datafield tag="650" ind1=" " ind2="0"><subfield code="a">Manuscripts, Turkish</subfield><subfield code="z">Michigan</subfield><subfield code="z">Ann Arbor.</subfield></datafield><datafield tag="650" ind1=" " ind2="0"><subfield code="a">Astronomy</subfield><subfield code="v">Tables.</subfield></datafield><datafield tag="650" ind1=" " ind2="0"><subfield code="a">Astronomy</subfield><subfield code="z">Turkey.</subfield></datafield><datafield tag="773" ind1="0" ind2=" "><subfield code="a">Tracy W. McGregor Collection of Arabic, Persian, and Turkish Mathematical and Astronomical Manuscripts.</subfield></datafield><datafield tag="880" ind1="0" ind2="0"><subfield code="6">245-03/</subfield><subfield code="a">[تقويم,</subfield><subfield code="f">1235ج، 1856 و 1857م].</subfield></datafield><datafield tag="CID" ind1=" " ind2=" "><subfield code="a">006818240</subfield></datafield><datafield tag="DAT" ind1="0" ind2=" "><subfield code="a">20190719102639.0</subfield><subfield code="b">20190719000000.0</subfield></datafield><datafield tag="DAT" ind1="1" ind2=" "><subfield code="a">20190719090653.0</subfield><subfield code="b">2019-07-19T16:10:28Z</subfield></datafield><datafield tag="DAT" ind1="2" ind2=" "><subfield code="a">2015-10-02T18:00:03Z</subfield></datafield><datafield tag="CAT" ind1=" " ind2=" "><subfield code="a">SDR-MIU</subfield><subfield code="d">EX LIBRIS - ALEPH</subfield><subfield code="l">prepare.pl-004-008</subfield></datafield><datafield tag="FMT" ind1=" " ind2=" "><subfield code="a">BK</subfield></datafield><datafield tag="HOL" ind1=" " ind2=" "><subfield code="0">sdr-miu006818240</subfield><subfield code="a">MiU</subfield><subfield code="b">SDR</subfield><subfield code="c">MIU</subfield><subfield code="p">mdp.39015079129907</subfield><subfield code="s">MIU</subfield><subfield code="1">006818240</subfield></datafield><datafield tag="974" ind1=" " ind2=" "><subfield code="b">MIU</subfield><subfield code="c">MIU</subfield><subfield code="d">20190719</subfield><subfield code="s">lit-dlps-dc</subfield><subfield code="u">mdp.39015079129907</subfield><subfield code="y">1857</subfield><subfield code="r">pd</subfield><subfield code="q">exp</subfield></datafield></record></collection>